<?xml version="1.0" encoding="UTF-8"?><collection xmlns="http://www.loc.gov/MARC21/slim"><record><leader>00481nam--2200169-i-4500</leader><controlfield tag="001">000001699</controlfield><controlfield tag="002">20161230</controlfield><controlfield tag="005">20161230201024</controlfield><controlfield tag="008">060222s1000------------r-----000-0-eng-d</controlfield><datafield ind1=" " ind2=" " tag="040"><subfield code="a">IFIN-HH</subfield></datafield><datafield ind1=" " ind2=" " tag="080"><subfield code="a">535:539</subfield></datafield><datafield ind1="1" ind2=" " tag="100"><subfield code="a">Goldwasser, Edwin L</subfield></datafield><datafield ind1="1" ind2="0" tag="245"><subfield code="a">Optics, waves, atoms, and nuclei: an introduction. preliminary edition</subfield><subfield code="c">Edwin l. goldwasser</subfield></datafield><datafield ind1=" " ind2=" " tag="260"><subfield code="a">New York</subfield><subfield code="b">W.A.Benjamin, Inc</subfield><subfield code="c">1965</subfield></datafield><datafield ind1=" " ind2=" " tag="300"><subfield code="a">XV + 265P</subfield></datafield><datafield ind1=" " ind2=" " tag="852"><subfield code="a">35420</subfield><subfield code="c">53</subfield></datafield><datafield ind1=" " ind2=" " tag="CAT"><subfield code="a">Sys</subfield><subfield code="c">20150310</subfield><subfield code="h">141214</subfield></datafield></record></collection>